<?xml version="1.0" encoding="UTF-8"?><collection xmlns="http://www.loc.gov/MARC21/slim"><record><leader>00610nam--2200169-i-4500</leader><controlfield tag="001">000033407</controlfield><controlfield tag="002">20161230</controlfield><controlfield tag="005">20161230201039</controlfield><controlfield tag="008">060222s1000------------r-----000-0-eng-d</controlfield><datafield ind1=" " ind2=" " tag="040"><subfield code="a">IFIN-HH</subfield></datafield><datafield ind1=" " ind2=" " tag="080"><subfield code="a">539.23(043):537.312.62(043)</subfield></datafield><datafield ind1="1" ind2=" " tag="100"><subfield code="a">Mrstik, Bernard Joseph</subfield></datafield><datafield ind1="1" ind2="0" tag="245"><subfield code="a">Electron thermal conductivity of thin films of strong - coupling superconductors and of superconductors containing rare earth impurities</subfield><subfield code="b">Dissertation</subfield><subfield code="c">Bernard joseph mrstik</subfield></datafield><datafield ind1=" " ind2=" " tag="260"><subfield code="a">Ann Arbor, Michigan</subfield><subfield code="b">University Microfilms Co</subfield><subfield code="c">1973</subfield></datafield><datafield ind1=" " ind2=" " tag="300"><subfield code="a">VIII + 136P</subfield></datafield><datafield ind1=" " ind2=" " tag="852"><subfield code="a">42251</subfield><subfield code="c">539.23</subfield></datafield><datafield ind1=" " ind2=" " tag="CAT"><subfield code="a">Sys</subfield><subfield code="c">20121218</subfield><subfield code="h">120048</subfield></datafield></record></collection>